:20:00ZQYDSR63Y4OGWA
:25:10040000/0190826800EUR
:28C:30/1
:60F:C140217EUR0,
:61:1402190218D1156,14NCMZ100207602400//99100/074
:86:833?00CASH CONCENTRATING BUCHUNG?1099100?20ACMS W/100 2076024 00?
3010040000?31207602400
:61:1402190218C71,44NTRFKREF+//97261/039
:86:166?00SEPA-CT HABEN EINZELBUCHUNG?1097261?20EREF+NOTPROVIDED?21KR
EF+NSCT140218000238000000?220000000000001?23SVWZ+6057Y6?30SO
LADEST600?31DE50600501010006916129?32Angela Toepfner
:61:1402190218C139,9NTRFKREF+//97261/039
:86:166?00SEPA-CT HABEN EINZELBUCHUNG?1097261?20EREF+ZV01001563717110
000000?2102?22KREF+NSCT140218000338000000?230000000000001?24SVWZ+
AAA517625N1?30PBNKDEFF?31DE31760100850562820856?32Stefan Landsmann
:61:1402190218C249,9NTRFKREF+//97261/039
:86:166?00SEPA-CT HABEN EINZELBUCHUNG?1097261?20EREF+ZV01001563650953
000000?2102?22KREF+NSCT140218000238000000?230000000000001?24SVWZ+
ABC519819D9?29abc?30PBNKDEFF?31DE61500100600096600607?32CHRISTIANE ZICK
EL
:61:1402190218C295,NTRFKREF+//97261/039
:86:166?00SEPA-CT HABEN EINZELBUCHUNG?1097261?20EREF+NOTPROVIDED?21KR
EF+NSCT140218000712000000?220000000000001?23SVWZ+KRD521069S6?30SP
BIDE3BXXX?31DE20480501610037594991?32ELENA MAGALOU
:61:1402190218C399,9NTRFKREF+//97261/039
:86:166?00SEPA-CT HABEN EINZELBUCHUNG?1097261?20EREF+NOTPROVIDED?21KR
EF+NSCT140218000061000000?220000000000001?23SVWZ+ReNr.INV201402-W
PAWz ?24v.16.2.14 fuerLukas ?25 ?30GENODES1
VGD?31DE29613901400131717006?32Franz Meier
:62F:C140218EUR0,
-